% How to cite webpage: https://tex.stackexchange.com/questions/3587/how-can-i-use-bibtex-to-cite-a-web-page
@misc{lr,
  title = {LinearRegression},
  author = {{PySpark}},
  howpublished = {\url{https://spark.apache.org/docs/latest/api/python/reference/api/pyspark.ml.regression.LinearRegression.html}},
  note = {Accessed: 2023-08-16}
}

@misc{rf,
  title = {RandomForestClassifier},
  author = {{PySpark}},
  howpublished = {\url{https://spark.apache.org/docs/3.1.3/api/python/reference/api/pyspark.ml.classification.RandomForestClassifier.html}},
  note = {Accessed: 2023-08-16}
}

@misc{industry,
  title = {What is driving the Uber-NYC taxi cab partnership?},
  author = {{Michelle Chapman}},
  howpublished = {\urlhttps://www.csmonitor.com/Business/2022/0325/What-is-driving-the-Uber-NYC-taxi-cab-partnership}},
  note = {Accessed: 2023-08-18}
}

@misc{tlc,
  title = {TLC Trip Record Data},
  author = {{Taxi & Limousine Commission}},
  howpublished = {\url{https://www.nyc.gov/site/tlc/about/tlc-trip-record-data.page}},
  note = {Accessed: 2023-08-15}
}

@misc{weather,
  title = {Historical weather data for any location},
  author = {{VisualCrossing}},
  howpublished = {\url{https://www.visualcrossing.com/weather-history}},
  note = {Accessed: 2023-08-15}
}


% You should lookup the entries defined in bibtex to properly format your .bib file